@BOOK{cpp:plguide,
	AUTHOR = "Bjarne Stroustrup",
	TITLE = "The C++ Programming Language",
	PUBLISHER = "Addison Wesley",
	YEAR = "2000",
	EDITION = "Special",
}
